@misc{johnson_2016,
title={adaptivetau: Tau-Leaping Stochastic Simulation},
url={https://cran.r-project.org/web/packages/adaptivetau/index.html},
journal={CRAN - Package adaptivetau},
publisher={The Comprehensive R Archive Network},
author={Johnson, Philip},
year={2016},
month={Oct}
}

@article{andrews_tischer_siedler_pebody_2008,
title = {Towards elimination: measles susceptibility in Australia and 17 European countries},
journal = {Bulletin of the World Health Organization},
volume = {86},
publisher = {World Health Organization},
author = {Andrews, Nick and Tischer, Annedore and Siedler, Annette and Pebody, Richard G},
year = {2008},
month = {Mar}
}

@article{sniadack_crowcroft_durrheim_rota_2017,
title={Roadmap to elimination-standard measles and rubella surveillance},
volume={92},
url={http://apps.who.int/iris/bitstream/10665/254652/1/WER9209-10.pdf},
number={9/10},
journal={Weekly Epidemiological Record},
author={Sniadack, David H and Crowcroft, Natasha S and Durrheim, David N and Rota, Paul A},
year={2017},
month={Mar},
pages={97–105}
}

@article{world_health_organization_2017,
title={Measles vaccines: WHO position paper – April 2017},
volume={92},
url={http://apps.who.int/iris/bitstream/10665/255149/1/WER9217.pdf},
number={17},
journal={Weekly Epidemiological Record},
author={World Health Organization},
year={2017},
month={Apr},
pages={205–228}
}

@article{yang_gillespie_petzold_2007,
title={Adaptive explicit-implicit tau-leaping method with automatic tau selection},
volume={126},
url={http://aip.scitation.org/doi/abs/10.1063/1.2745299},
number={22},
journal={The Journal of Chemical Physics},
author={Yang, Cao and Gillespie, Daniel T and Petzold, Linda R},
year={2007},
month={Jun}
}
